@book{gupta2011introduction,
  title={Introduction to data mining with case studies},
  author={Gupta, GK},
  year={2011},
  publisher={PHI Learning Pvt. Ltd.}
}
