@misc{somtoolbox,
    title="{SOM Toolbox}",
    howpublished="\url{http://www.ifs.tuwien.ac.at/dm/somtoolbox/index.html}",
    note="Last accessed 21.01.2015",
}


@misc{hex-rgg,
    title="{Hexagonl Grid}",
    howpublished="\url{http://www.redblobgames.com/grids/hexagons}",
    note="Last accessed 04.02.2015",
}

