@book{gupta2011introduction,
  title={Introduction to data mining with case studies},
  author={Gupta, GK},
  year={2011},
  publisher={PHI Learning Pvt. Ltd.}
}

@misc{ucirepo,
    title="{UCI} Machine Learning Repository",
    howpublishes="http://archive.ics.uci.edu/ml/",
    note="Last accessed 11.12.2014",
}

@misc{leaf-dataset,
    title="{UCI} Machine Learning Repository",
    author="Pedro F. B. Silva Andr ́e R. S. Mar ̧cal Rubim Almeida da Silva",
    howpublishes="\url{http://archive.ics.uci.edu/ml/datasets/Leaf}",
    note="Last accessed 11.12.2014",
}

@book{polzlbauer2004survey,
  title={Survey and comparison of quality measures for self-organizing maps},
  author={P{\"o}lzlbauer, Georg},
  year={2004},
  publisher={na}
}
